<?xml version='1.0' encoding='UTF-8'?>
<record xmlns="http://www.loc.gov/MARC21/slim">
  <leader>02856cam a2200469 a 4500</leader>
  <controlfield tag="001">863660</controlfield>
  <controlfield tag="003">NjP</controlfield>
  <controlfield tag="005">20170605130606.0</controlfield>
  <controlfield tag="008">940131s1990    ir       b    000 0 ara d</controlfield>
  <datafield tag="024" ind1="7" ind2=" ">
    <subfield code="a">princeton_aco003121</subfield>
    <subfield code="2">local</subfield>
  </datafield>
  <datafield ind1=" " ind2=" " tag="035">
    <subfield code="a">(OCoLC)29865985</subfield>
  </datafield>
  <datafield ind1=" " ind2=" " tag="035">
    <subfield code="a">(OCoLC)ocn176357844</subfield>
  </datafield>
  <datafield ind1=" " ind2=" " tag="035">
    <subfield code="a">(OCoLC)176357844</subfield>
  </datafield>
  <datafield ind1=" " ind2=" " tag="035">
    <subfield code="a">(CStRLIN)NJPG94-B5458</subfield>
  </datafield>
  <datafield ind1=" " ind2=" " tag="035">
    <subfield code="9">CAY7351TS</subfield>
  </datafield>
  <datafield ind1=" " ind2=" " tag="035">
    <subfield code="a">(NjP)863660</subfield>
  </datafield>
  <datafield ind1=" " ind2=" " tag="040">
    <subfield code="a">NjP</subfield>
    <subfield code="c">PUL</subfield>
    <subfield code="d">PUL</subfield>
  </datafield>
  <datafield ind1=" " ind2=" " tag="049">
    <subfield code="a">PULL</subfield>
  </datafield>
  <datafield ind1=" " ind2=" " tag="079">
    <subfield code="a">ocm29865985</subfield>
  </datafield>
  <datafield ind1="1" ind2=" " tag="100">
    <subfield code="6">880-01</subfield>
    <subfield code="a">Ibn Abī al-Dunyā, ʻAbd Allāh ibn Muḥammad,</subfield>
    <subfield code="d">823-894.</subfield>
    <subfield code="0">http://id.loc.gov/authorities/names/n85136568</subfield>
  </datafield>
  <datafield ind1="1" ind2="0" tag="240">
    <subfield code="6">880-02</subfield>
    <subfield code="a">Maqtal al-Imām Amīr al-Muʼminīn ʻAlī ibn Abī Ṭālib</subfield>
  </datafield>
  <datafield ind1="1" ind2="0" tag="245">
    <subfield code="6">880-03</subfield>
    <subfield code="a">Kitāb Maqtal al-Imām Amīr al-Muʼminīn ʻAlī ibn Abī Ṭālib /</subfield>
    <subfield code="c">taʼlīf Abī Bakr ʻAbd Allāh ibn Muḥammad ibn ʻUbayd al-maʻrūf bi-Ibn Abī al-Dunyā ; taḥqīq Muḥammad Bāqir al-Maḥmūdī.</subfield>
  </datafield>
  <datafield ind1=" " ind2=" " tag="250">
    <subfield code="6">880-04</subfield>
    <subfield code="a">al-Ṭabʻah 1.</subfield>
  </datafield>
  <datafield ind1=" " ind2=" " tag="260">
    <subfield code="6">880-05</subfield>
    <subfield code="a">Ṭihrān, Īrān :Muʼassasat al-Ṭabʻ wa-al-Nashr al-tābiʻah li-Wizārat al-Thaqāfah wa-al-Irshād al-Islāmī :</subfield>
    <subfield code="b">Majmaʻ Iḥyāʼ al-Thaqāfah al-Islāmīyah,</subfield>
    <subfield code="c">1990.</subfield>
  </datafield>
  <datafield ind1=" " ind2=" " tag="300">
    <subfield code="a">123 p. ;</subfield>
    <subfield code="c">24 cm.</subfield>
  </datafield>
  <datafield ind1=" " ind2="0" tag="440">
    <subfield code="6">880-06</subfield>
    <subfield code="a">Min nafāʼis al-turāth al-Islāmī fī al-qarn al-thālith</subfield>
  </datafield>
  <datafield ind1=" " ind2=" " tag="504">
    <subfield code="a">Includes bibliographical references.</subfield>
  </datafield>
  <datafield ind1="0" ind2="0" tag="600">
    <subfield code="a">ʻAlī ibn Abī Ṭālib,</subfield>
    <subfield code="c">Caliph,</subfield>
    <subfield code="d">600 (ca.)-661</subfield>
    <subfield code="x">Assassination</subfield>
    <subfield code="x">Early works to 1800.</subfield>
  </datafield>
  <datafield ind1=" " ind2="0" tag="650">
    <subfield code="a">Shiites</subfield>
    <subfield code="x">Early works to 1800.</subfield>
    <subfield code="0">http://id.loc.gov/authorities/subjects/sh2010112937</subfield>
  </datafield>
  <datafield ind1="1" ind2=" " tag="700">
    <subfield code="6">880-07</subfield>
    <subfield code="a">Maḥmūdī, Muḥammad Bāqir.</subfield>
  </datafield>
  <datafield ind1="0" ind2=" " tag="740">
    <subfield code="6">880-08</subfield>
    <subfield code="a">Maqtal al-Imām Amīr al-Muʼminīn ʻAlī ibn Abī Ṭālib.</subfield>
  </datafield>
  <datafield ind1="1" ind2=" " tag="880">
    <subfield code="6">100-01/r</subfield>
    <subfield code="a">ابن ابي الدنيا، عبد الله بن محمد،</subfield>
    <subfield code="d">823-894.</subfield>
  </datafield>
  <datafield ind1="1" ind2="0" tag="880">
    <subfield code="6">240-02/r</subfield>
    <subfield code="a">مقتل الامام امير المؤمنين علي بن ابي طالب</subfield>
  </datafield>
  <datafield ind1="1" ind2="0" tag="880">
    <subfield code="6">245-03/r</subfield>
    <subfield code="a">كتاب مقتل الامام امير المؤمنين علي بن ابي طالب /</subfield>
    <subfield code="c">تأليف ابي بكر عبد الله بن محمد بن عبيد المعروف بابن ابي الدنيا ؛ تحقيق محمد باقر المحمودي.</subfield>
  </datafield>
  <datafield ind1=" " ind2=" " tag="880">
    <subfield code="6">250-04/r</subfield>
    <subfield code="a">الطبعة 1.</subfield>
  </datafield>
  <datafield ind1=" " ind2=" " tag="880">
    <subfield code="6">260-05/r</subfield>
    <subfield code="a">طهران، ايران :مؤسسة الطبع والنشر التابعة لوزارة الثقافة والارشاد الاسلامي :</subfield>
    <subfield code="b">مجمع احياء الثقافة الاسلامية،</subfield>
    <subfield code="c">1990.</subfield>
  </datafield>
  <datafield ind1=" " ind2="0" tag="880">
    <subfield code="6">440-06/r</subfield>
    <subfield code="a">من نفائس التراث الاسلامي في القرن الثالث</subfield>
  </datafield>
  <datafield ind1="1" ind2=" " tag="880">
    <subfield code="6">700-07/r</subfield>
    <subfield code="a">محمودي، محمد باقر.</subfield>
  </datafield>
  <datafield ind1="0" ind2=" " tag="880">
    <subfield code="6">740-08/r</subfield>
    <subfield code="a">مقتل الامام امير المؤمنين علي بن ابي طالب.</subfield>
  </datafield>
  <datafield ind1=" " ind2=" " tag="998">
    <subfield code="a">03/31/95</subfield>
    <subfield code="s">9114</subfield>
    <subfield code="n">NjP</subfield>
    <subfield code="w">NJPG94B5458</subfield>
    <subfield code="d">01/31/94</subfield>
    <subfield code="c">KC</subfield>
    <subfield code="b">KC</subfield>
    <subfield code="i">950331</subfield>
    <subfield code="l">NJPG</subfield>
  </datafield>
  <datafield ind1=" " ind2=" " tag="911">
    <subfield code="a">19950425</subfield>
  </datafield>
  <datafield ind1=" " ind2=" " tag="912">
    <subfield code="a">19950331000000.0</subfield>
  </datafield>
  <datafield ind1=" " ind2=" " tag="994">
    <subfield code="a">C0</subfield>
    <subfield code="b">PUL</subfield>
  </datafield>
  <datafield ind1=" " ind2=" " tag="999">
    <subfield code="a">863660</subfield>
  </datafield>
  <datafield ind1="0" ind2="0" tag="852">
    <subfield code="0">984897</subfield>
    <subfield code="b">rcppa</subfield>
    <subfield code="t">1</subfield>
    <subfield code="h">BP193.1.A3</subfield>
    <subfield code="i">I263 1990</subfield>
    <subfield code="x">tr fr nec</subfield>
  </datafield>
  <datafield ind1=" " ind2=" " tag="959">
    <subfield code="a">2000-06-13 00:00:00 -0400</subfield>
  </datafield>
</record>
